<collection xmlns="http://www.loc.gov/MARC21/slim">
<record>
  <leader>04500nam0a2200697 i 450 </leader>
  <controlfield tag="001">IT\ICCU\CNCE\015911</controlfield>
  <controlfield tag="005">20200909000000.0</controlfield>
  <datafield tag="012" ind1=" " ind2=" ">
    <subfield code="a">t,ix I.um r-es stin (3) 1572 (A)</subfield>
    <subfield code="2">fei</subfield>
  </datafield>
  <datafield tag="100" ind1=" " ind2=" ">
    <subfield code="a">19970101d1572        0itac0103    ba</subfield>
  </datafield>
  <datafield tag="101" ind1=" " ind2=" ">
    <subfield code="a">LAT</subfield>
  </datafield>
  <datafield tag="102" ind1=" " ind2=" ">
    <subfield code="a">IT</subfield>
  </datafield>
  <datafield tag="200" ind1="1" ind2=" ">
    <subfield code="a">Pupillorum patrocinium legum et praxeos studiosis, non minus utile quam necessarium iam denuo vigili cura, &amp; non poenitenda accessione locupletatum. Item. Subhastationum compendiosa exegesis iterum recognita &amp; locupletata. Authore clarissimo viro IodocoDamhouderio Brugen. ... Index verborum rerumque locupletissimus</subfield>
  </datafield>
  <datafield tag="210" ind1=" " ind2=" ">
    <subfield code="a">Venetiis</subfield>
    <subfield code="c">apud Io. Antonium Farreum</subfield>
    <subfield code="d">1572</subfield>
    <subfield code="e">\Venezia</subfield>
    <subfield code="g">Giovanni Antonio Farri!</subfield>
  </datafield>
  <datafield tag="215" ind1=" " ind2=" ">
    <subfield code="a">\40!, 183, \1! c.</subfield>
    <subfield code="d">8ʻ</subfield>
  </datafield>
  <datafield tag="620" ind1=" " ind2=" ">
    <subfield code="a">IT</subfield>
    <subfield code="d">Venezia</subfield>
  </datafield>
  <datafield tag="700" ind1=" " ind2="1">
    <subfield code="a">Damhouder,</subfield>
    <subfield code="b">Joost : de</subfield>
    <subfield code="3">IT\ICCU\CNCA\004585</subfield>
  </datafield>
  <datafield tag="712" ind1="0" ind2="0">
    <subfield code="a">Farri, Giovanni Antonio</subfield>
    <subfield code="3">IT\ICCU\CNCT\001718</subfield>
    <subfield code="4">650</subfield>
  </datafield>
  <datafield tag="790" ind1=" " ind2="1">
    <subfield code="a">Damhouderius,</subfield>
    <subfield code="b">Iodocus</subfield>
    <subfield code="3">IT\ICCU\CNCA\010195</subfield>
    <subfield code="z">Damhouder, Joost : de</subfield>
  </datafield>
  <datafield tag="790" ind1=" " ind2="1">
    <subfield code="a">De_Damhoudere,</subfield>
    <subfield code="b">Josse</subfield>
    <subfield code="3">IT\ICCU\CNCA\015142</subfield>
    <subfield code="z">Damhouder, Joost : de</subfield>
  </datafield>
  <datafield tag="791" ind1="0" ind2="0">
    <subfield code="a">Farreus, Ioannes Antonius</subfield>
    <subfield code="3">IT\ICCU\CNCT\003792</subfield>
    <subfield code="z">Farri, Giovanni Antonio</subfield>
  </datafield>
  <datafield tag="801" ind1=" " ind2="3">
    <subfield code="a">IT</subfield>
    <subfield code="b">ICCU</subfield>
    <subfield code="c">20201114</subfield>
  </datafield>
  <datafield tag="899" ind1=" " ind2=" ">
    <subfield code="a">Biblioteca comunale Antonelliana. Senigallia</subfield>
    <subfield code="1">AN0069</subfield>
    <subfield code="2">URB BS</subfield>
  </datafield>
  <datafield tag="899" ind1=" " ind2=" ">
    <subfield code="a">Biblioteca civica Romolo Spezioli. Fermo</subfield>
    <subfield code="1">AP0012</subfield>
    <subfield code="2">UMC FM</subfield>
  </datafield>
  <datafield tag="899" ind1=" " ind2=" ">
    <subfield code="a">Biblioteca civica A. Mai. Bergamo</subfield>
    <subfield code="1">BG0026</subfield>
    <subfield code="2">LO1 02</subfield>
  </datafield>
  <datafield tag="899" ind1=" " ind2=" ">
    <subfield code="a">Biblioteca comunale Augusto Majani-Nasica. Budrio</subfield>
    <subfield code="1">BO0175</subfield>
    <subfield code="2">UBO BZ</subfield>
  </datafield>
  <datafield tag="899" ind1=" " ind2=" ">
    <subfield code="a">Biblioteca comunale dell&apos;Archiginnasio. Bologna</subfield>
    <subfield code="1">BO0304</subfield>
    <subfield code="2">UBO GA</subfield>
  </datafield>
  <datafield tag="899" ind1=" " ind2=" ">
    <subfield code="a">Biblioteca universitaria. Cagliari</subfield>
    <subfield code="1">CA0194</subfield>
    <subfield code="2">CAG UC</subfield>
  </datafield>
  <datafield tag="899" ind1=" " ind2=" ">
    <subfield code="a">Biblioteca comunale Aurelio Saffi. Forl</subfield>
    <subfield code="1">FC0018</subfield>
    <subfield code="2">RAV FO</subfield>
  </datafield>
  <datafield tag="899" ind1=" " ind2=" ">
    <subfield code="a">Biblioteca civica del patrimonio degli studi. Cento</subfield>
    <subfield code="1">FE0004</subfield>
    <subfield code="2">UFE CN</subfield>
  </datafield>
  <datafield tag="899" ind1=" " ind2=" ">
    <subfield code="a">Biblioteca comunale Ariostea. Ferrara</subfield>
    <subfield code="1">FE0017</subfield>
    <subfield code="2">UFE AR</subfield>
  </datafield>
  <datafield tag="899" ind1=" " ind2=" ">
    <subfield code="a">Biblioteca nazionale centrale. Firenze</subfield>
    <subfield code="1">FI0098</subfield>
    <subfield code="2">CFI CF</subfield>
  </datafield>
  <datafield tag="899" ind1=" " ind2=" ">
    <subfield code="a">Biblioteca di Scienze sociali. Firenze</subfield>
    <subfield code="1">FI0597</subfield>
    <subfield code="2">UFI KE</subfield>
  </datafield>
  <datafield tag="899" ind1=" " ind2=" ">
    <subfield code="a">Biblioteca universitaria. Genova</subfield>
    <subfield code="1">GE0038</subfield>
    <subfield code="2">LIG 01</subfield>
  </datafield>
  <datafield tag="899" ind1=" " ind2=" ">
    <subfield code="a">Biblioteca della Scuola di scienze sociali. Sede di Giurisprudenza. Universit ̉degli studi di Genova. Genova</subfield>
    <subfield code="1">GE0040</subfield>
    <subfield code="2">SGE 07</subfield>
  </datafield>
  <datafield tag="899" ind1=" " ind2=" ">
    <subfield code="a">Biblioteca statale. Lucca</subfield>
    <subfield code="1">LU0022</subfield>
    <subfield code="2">LUA BL</subfield>
  </datafield>
  <datafield tag="899" ind1=" " ind2=" ">
    <subfield code="a">Biblioteca dell&apos;Istituto tecnico commerciale F. Carrara. Lucca</subfield>
    <subfield code="1">LU0101</subfield>
    <subfield code="2">ZLU 10</subfield>
  </datafield>
  <datafield tag="899" ind1=" " ind2=" ">
    <subfield code="a">Biblioteca Ambrosiana. Milano</subfield>
    <subfield code="1">MI0133</subfield>
    <subfield code="2">VBA 01</subfield>
  </datafield>
  <datafield tag="899" ind1=" " ind2=" ">
    <subfield code="a">Biblioteca universitaria giuridica. Modena</subfield>
    <subfield code="1">MO0169</subfield>
    <subfield code="2">MOD UG</subfield>
  </datafield>
  <datafield tag="899" ind1=" " ind2=" ">
    <subfield code="a">Biblioteca civica. Padova</subfield>
    <subfield code="1">PD0090</subfield>
    <subfield code="2">PUV 55</subfield>
  </datafield>
  <datafield tag="899" ind1=" " ind2=" ">
    <subfield code="a">Biblioteca universitaria. Padova</subfield>
    <subfield code="1">PD0158</subfield>
    <subfield code="2">PUV 00</subfield>
  </datafield>
  <datafield tag="899" ind1=" " ind2=" ">
    <subfield code="a">Biblioteca diocesana. Todi</subfield>
    <subfield code="1">PG0173</subfield>
    <subfield code="2">PBE 33</subfield>
  </datafield>
  <datafield tag="899" ind1=" " ind2=" ">
    <subfield code="a">Biblioteca Guarnacci. Volterra</subfield>
    <subfield code="1">PI0176</subfield>
    <subfield code="2">RT1 QV</subfield>
  </datafield>
  <datafield tag="899" ind1=" " ind2=" ">
    <subfield code="a">Biblioteca monastica dei padri Benedettini di S. Giovanni Evangelista. Parma</subfield>
    <subfield code="1">PR0073</subfield>
    <subfield code="2">ZPR 05</subfield>
  </datafield>
  <datafield tag="899" ind1=" " ind2=" ">
    <subfield code="a">Biblioteca comunale Forteguerriana. Pistoia</subfield>
    <subfield code="1">PT0025</subfield>
    <subfield code="2">RT1 IE</subfield>
  </datafield>
  <datafield tag="899" ind1=" " ind2=" ">
    <subfield code="a">Biblioteca Oliveriana. Pesaro</subfield>
    <subfield code="1">PU0061</subfield>
    <subfield code="2">URB OL</subfield>
  </datafield>
  <datafield tag="899" ind1=" " ind2=" ">
    <subfield code="a">Biblioteca delle facolt ̉di Giurisprudenza e Scienze politiche dell&apos;Universit ̉degli studi di Urbino. Urbino</subfield>
    <subfield code="1">PU0127</subfield>
    <subfield code="2">URB AG</subfield>
  </datafield>
  <datafield tag="899" ind1=" " ind2=" ">
    <subfield code="a">Biblioteca centrale dell&apos;Area umanistica dell&apos;Universit ̉degli studi di Urbino. Urbino</subfield>
    <subfield code="1">PU0206</subfield>
    <subfield code="2">URB AU</subfield>
  </datafield>
  <datafield tag="899" ind1=" " ind2=" ">
    <subfield code="a">Biblioteca comunale Fabrizio Trisi. Lugo</subfield>
    <subfield code="1">RA0025</subfield>
    <subfield code="2">RAV CE</subfield>
  </datafield>
  <datafield tag="899" ind1=" " ind2=" ">
    <subfield code="a">Biblioteca comunale Classense. Ravenna</subfield>
    <subfield code="1">RA0036</subfield>
    <subfield code="2">RAV CL</subfield>
  </datafield>
  <datafield tag="899" ind1=" " ind2=" ">
    <subfield code="a">Biblioteca  Panizzi. Reggio Emilia</subfield>
    <subfield code="1">RE0052</subfield>
    <subfield code="2">RE2 PA</subfield>
  </datafield>
  <datafield tag="899" ind1=" " ind2=" ">
    <subfield code="a">Biblioteca nazionale centrale. Roma</subfield>
    <subfield code="1">RM0267</subfield>
    <subfield code="2">BVE CR</subfield>
  </datafield>
  <datafield tag="899" ind1=" " ind2=" ">
    <subfield code="a">Biblioteca Vallicelliana. Roma</subfield>
    <subfield code="1">RM0281</subfield>
    <subfield code="2">RML 08</subfield>
  </datafield>
  <datafield tag="899" ind1=" " ind2=" ">
    <subfield code="a">Biblioteca dell&apos;Accademia nazionale dei Lincei e Corsiniana. Roma</subfield>
    <subfield code="1">RM0418</subfield>
    <subfield code="2">RML 10</subfield>
  </datafield>
  <datafield tag="899" ind1=" " ind2=" ">
    <subfield code="a">Biblioteca civica Anton Giulio Barrili. Savona</subfield>
    <subfield code="1">SV0038</subfield>
    <subfield code="2">LI3 SV</subfield>
  </datafield>
  <datafield tag="899" ind1=" " ind2=" ">
    <subfield code="a">Nuova biblioteca pubblica Luigi Fumi. Orvieto</subfield>
    <subfield code="1">TR0022</subfield>
    <subfield code="2">UM1 06</subfield>
  </datafield>
  <datafield tag="899" ind1=" " ind2=" ">
    <subfield code="a">Biblioteca civica. Vercelli</subfield>
    <subfield code="1">VC0073</subfield>
    <subfield code="2">TO0 A2</subfield>
  </datafield>
  <datafield tag="899" ind1=" " ind2=" ">
    <subfield code="a">Biblioteca del Museo Camillo Leone. Vercelli</subfield>
    <subfield code="1">VC0120</subfield>
    <subfield code="2">ZVC 07</subfield>
  </datafield>
  <datafield tag="911" ind1=" " ind2=" ">
    <subfield code="a">Sul front.</subfield>
    <subfield code="9">IT\ICCU\CNCM\002050</subfield>
  </datafield>
  <datafield tag="911" ind1=" " ind2=" ">
    <subfield code="a">In fine</subfield>
    <subfield code="9">IT\ICCU\CNCM\000292</subfield>
  </datafield>
  <datafield tag="921" ind1=" " ind2=" ">
    <subfield code="a">IT\ICCU\CNCM\002050</subfield>
    <subfield code="b">Due cornacchie su un piedistallo ai lati di uno scettro. Iniziali I.A.F. In cornice</subfield>
    <subfield code="e">Concordia res parvae crescunt</subfield>
    <subfield code="c">U615</subfield>
    <subfield code="d">Dimensioni. 3,2 x 4</subfield>
    <subfield code="f">CORNACCHIA</subfield>
    <subfield code="f">CONCORDIAR</subfield>
    <subfield code="f">IAF</subfield>
    <subfield code="g">1570-1572</subfield>
  </datafield>
  <datafield tag="921" ind1=" " ind2=" ">
    <subfield code="a">IT\ICCU\CNCM\000292</subfield>
    <subfield code="b">Due cornacchie affrontate su un&apos;ara. Iniziali IAF.</subfield>
    <subfield code="e">Concordia res parvae crescunt.</subfield>
    <subfield code="c">V348</subfield>
    <subfield code="c">Z390</subfield>
    <subfield code="d">La figura  ̌accompagnata dalle iniziali IAF oppure IC. Dimensioni: 4,3 x 5</subfield>
    <subfield code="f">ARA</subfield>
    <subfield code="f">CONCORDIAR</subfield>
    <subfield code="f">CORNACCHIA</subfield>
    <subfield code="f">IAF</subfield>
    <subfield code="g">1570-1591</subfield>
  </datafield>
</record>
</collection>
